<record><leader>00000cas a22000007a 4500</leader><controlfield tag="001">12293682</controlfield><controlfield tag="008">850723c19859999tnuwr ne      0   a0eng d</controlfield><datafield ind1=" " ind2=" " tag="010"><subfield code="a">sn 85009924 </subfield></datafield><datafield ind1=" " ind2=" " tag="040"><subfield code="a">NSD</subfield><subfield code="b">eng</subfield><subfield code="c">NSD</subfield><subfield code="d">KNP</subfield><subfield code="d">NLG</subfield><subfield code="d">KNP</subfield><subfield code="d">TGN</subfield><subfield code="d">OCLCQ</subfield><subfield code="d">OCLCF</subfield><subfield code="d">OCLCO</subfield></datafield><datafield ind1=" " ind2=" " tag="012"><subfield code="j">0</subfield><subfield code="m">1</subfield></datafield><datafield ind1="1" ind2=" " tag="022"><subfield code="a">0883-881X</subfield><subfield code="l">0883-881X</subfield><subfield code="2">1</subfield></datafield><datafield ind1="1" ind2=" " tag="029"><subfield code="a">AU@</subfield><subfield code="b">000020382608</subfield></datafield><datafield ind1=" " ind2=" " tag="032"><subfield code="a">437420</subfield><subfield code="b">USPS</subfield></datafield><datafield ind1=" " ind2=" " tag="037"><subfield code="b">Polk County News, Citizen-Advance, P.O. Box 129, Benton, TN 37307</subfield></datafield><datafield ind1=" " ind2=" " tag="042"><subfield code="a">nsdp</subfield><subfield code="a">msc</subfield></datafield><datafield ind1=" " ind2=" " tag="043"><subfield code="a">n-us-tn</subfield></datafield><datafield ind1=" " ind2="0" tag="222"><subfield code="a">Polk County news, citizen-advance</subfield></datafield><datafield ind1="0" ind2="0" tag="245"><subfield code="a">Polk County news, citizen-advance.</subfield></datafield><datafield ind1="3" ind2="0" tag="246"><subfield code="a">Polk County news</subfield></datafield><datafield ind1="3" ind2="0" tag="246"><subfield code="a">Citizen-advance</subfield></datafield><datafield ind1=" " ind2=" " tag="260"><subfield code="a">Benton, Tenn. :</subfield><subfield code="b">R.E. Buehler,</subfield><subfield code="c">1985-</subfield></datafield><datafield ind1=" " ind2=" " tag="310"><subfield code="a">Weekly</subfield></datafield><datafield ind1="0" ind2=" " tag="362"><subfield code="a">Vol. 102 no. 13 (Mar. 27, 1985)-</subfield></datafield><datafield ind1=" " ind2=" " tag="580"><subfield code="a">Formed by the union of: Polk County news (Benton, Tenn. : 1984), and: Citizen-advance.</subfield></datafield><datafield ind1=" " ind2="0" tag="651"><subfield code="a">Benton (Tenn.)</subfield><subfield code="v">Newspapers.</subfield></datafield><datafield ind1=" " ind2="0" tag="651"><subfield code="a">Polk County (Tenn.)</subfield><subfield code="v">Newspapers.</subfield></datafield><datafield ind1=" " ind2="7" tag="655"><subfield code="a">Newspapers.</subfield><subfield code="2">fast</subfield><subfield code="0">(OCoLC)fst01423814</subfield></datafield><datafield ind1=" " ind2="7" tag="651"><subfield code="a">Tennessee</subfield><subfield code="z">Benton.</subfield><subfield code="2">fast</subfield><subfield code="0">(OCoLC)fst01276849</subfield></datafield><datafield ind1=" " ind2="7" tag="651"><subfield code="a">Tennessee</subfield><subfield code="z">Polk County.</subfield><subfield code="2">fast</subfield><subfield code="0">(OCoLC)fst01213497</subfield></datafield><datafield ind1=" " ind2=" " tag="752"><subfield code="a">United States</subfield><subfield code="b">Tennessee</subfield><subfield code="c">Polk</subfield><subfield code="d">Benton.</subfield></datafield><datafield ind1="1" ind2="4" tag="780"><subfield code="t">Polk County news (Benton, Tenn. : 1984)</subfield><subfield code="w">(DLC)sn 98069911</subfield></datafield><datafield ind1="1" ind2="4" tag="780"><subfield code="t">Citizen-advance</subfield><subfield code="w">(DLC)sn 98069902</subfield></datafield></record>